@misc{GRAPHPLAN,
    title={Fast Planning Through Planning Graph Analysis},
    howpublished={Web pages: \url{https://www.cs.cmu.edu/~avrim/Papers/graphplan.pdf/} [ostatni dostęp: 21.10.2022]},
    url={https://www.cs.cmu.edu/~avrim/Papers/graphplan.pdf}
}

@misc{STRIPS,
    title={STRIPS: A New Approach to the Application of Theorem Proving to Problem Solving},
    howpublished={Web pages: \url{http://ai.stanford.edu/~nilsson/OnlinePubs-Nils/PublishedPapers/strips.pdf} [ostatni dostęp: 07.11.2022]},
    url={http://ai.stanford.edu/~nilsson/OnlinePubs-Nils/PublishedPapers/strips.pdf}
}

@misc{CP,
    title={Constraint Programming},
    howpublished={Web pages: \url{https://www.math.unipd.it/~frossi/chapter4.pdf} [ostatni dostęp: 07.11.2022]},
    url={https://www.math.unipd.it/~frossi/chapter4.pdf}
}

@misc{Fifteen,
    title={Solving the 15-Puzzle},
    howpublished={Web pages: \url{https://cseweb.ucsd.edu/~ccalabro/essays/15_puzzle.pdf} [ostatni dostęp: 07.11.2022]},
    url={https://cseweb.ucsd.edu/~ccalabro/essays/15_puzzle.pdf}
}
@misc{FifteenLoydProblem,
    title={A Modern Treatment of the 15 Puzzle, Aaron F. Archer},
    howpublished={Web pages: \url{https://www.cs.cmu.edu/afs/cs/academic/class/15859-f01/www/notes/15-puzzle.pdf} [ostatni dostęp: 07.11.2022]},
    url={https://www.cs.cmu.edu/afs/cs/academic/class/15859-f01/www/notes/15-puzzle.pdf}
}

http://www.iro.umontreal.ca/~gendron/Pisa/References/BB/Brungger99.pdf

@misc{80Moves,
    title={The parallel search bench ZRAM and its applications},
    howpublished={Web pages: \url{http://www.iro.umontreal.ca/~gendron/Pisa/References/BB/Brungger99.pdf} [ostatni dostęp: 07.11.2022]},
    url={http://www.iro.umontreal.ca/~gendron/Pisa/References/BB/Brungger99.pdf}
}

@book{PROLOG,
    author={Ivan Bratko},
    title={Prolog Programming for Artificial Intelligence},
    publisher={Pearson},
    year={2012}
}

@book{AI,
    author={Russell Stuart, Norvig Peter},
    title={Artificial Intelligence A Modern Approach (4th Edition)},
    publisher={Pearson},
    year={2020}
}
