@misc{GRAPHPLAN,
    title={Fast Planning Through Planning Graph Analysis},
    howpublished={Web pages: \url{https://www.cs.cmu.edu/~avrim/Papers/graphplan.pdf/} [ostatni dostęp: 21.10.2022]},
    url={https://www.cs.cmu.edu/~avrim/Papers/graphplan.pdf}
}

@misc{STRIPS,
    title={STRIPS: A New Approach to the Application of Theorem Proving to Problem Solving},
    howpublished={Web pages: \url{http://ai.stanford.edu/~nilsson/OnlinePubs-Nils/PublishedPapers/strips.pdf} [ostatni dostęp: 07.11.2022]},
    url={http://ai.stanford.edu/~nilsson/OnlinePubs-Nils/PublishedPapers/strips.pdf}
}

@book{PROLOG,
    author={Ivan Bratko},
    title={Prolog Programming for Artificial Intelligence},
    publisher={Pearson},
    year={2012}
}

@book{AI,
    author={Russell Stuart, Norvig Peter},
    title={Artificial Intelligence A Modern Approach (4th Edition)},
    publisher={Pearson},
    year={2020}
}
